@article{bhutta2007sex,
  title={Sex and the nose: human pheromonal responses},
  author={Bhutta, Mahmood F},
  journal={Journal of the royal society of medicine},
  volume={100},
  number={6},
  pages={268--274},
  year={2007},
  publisher={SAGE Publications Sage UK: London, England}
}

@article{cornwell2004concordant,
  title={Concordant preferences for opposite--sex signals? Human pheromones and facial characteristics},
  author={Cornwell, R Elisabeth and Boothroyd, Lynda and Burt, D Michael and Feinberg, David R and Jones, Ben C and Little, Anthony C and Pitman, Robert and Whiten, Susie and Perrett, David I},
  journal={Proceedings of the Royal Society of London. Series B: Biological Sciences},
  volume={271},
  number={1539},
  pages={635--640},
  year={2004},
  publisher={The Royal Society}
}

@article{eklund2000polymorphisms,
  title={Polymorphisms in the HLA-linked olfactory receptor genes in the Hutterites},
  author={Eklund, Amy C and Belchak, Mary Margaret and Lapidos, Karen and Raha-Chowdhury, Ruma and Ober, Carole},
  journal={Human immunology},
  volume={61},
  number={7},
  pages={711--717},
  year={2000},
  publisher={Elsevier}
}

@article{fan1996identification,
  title={Identification of seven new humanMHC class I region genes around theHLA-F locus},
  author={Fan, Wufang and Cai, Weiwen and Parimoo, Satish and Lennon, Gregory G and Weissman, Sherman M},
  journal={Immunogenetics},
  volume={44},
  number={2},
  pages={97--103},
  year={1996},
  publisher={Springer}
}

@article{folstad1992parasites,
  title={Parasites, bright males, and the immunocompetence handicap},
  author={Folstad, Ivar and Karter, Andrew John},
  journal={The American Naturalist},
  volume={139},
  number={3},
  pages={603--622},
  year={1992},
  publisher={University of Chicago Press}
}

@article{havlicek2005women,
  title={Women's preference for dominant male odour: effects of menstrual cycle and relationship status},
  author={Havlicek, Jan and Roberts, S Craig and Flegr, Jaroslav},
  journal={Biology letters},
  volume={1},
  number={3},
  pages={256--259},
  year={2005},
  publisher={The Royal Society London}
}

@article{jones2005menstrual,
  title={Menstrual cycle, pregnancy and oral contraceptive use alter attraction to apparent health in faces},
  author={Jones, Benedict C and Perrett, David I and Little, Anthony C and Boothroyd, L and Cornwell, R Elisabeth and Feinberg, David R and Tiddeman, BP and Whiten, S and Pitman, RM and Hillier, SG and others},
  journal={Proceedings of the Royal Society B: Biological Sciences},
  volume={272},
  number={1561},
  pages={347--354},
  year={2005},
  publisher={The Royal Society}
}

@article{kanda1996testosterone,
  title={Testosterone inhibits immunoglobulin production by human peripheral blood mononuclear cells},
  author={Kanda, N and Tsuchida, T and Tamaki, K},
  journal={Clinical \& Experimental Immunology},
  volume={106},
  number={2},
  pages={410--415},
  year={1996},
  publisher={Wiley Online Library}
}

@article{kohl2007human,
  title={Human pheromones: Integrating neuroendocrinology and ethology},
  author={Kohl, James V and Atzmueller, Michaela and Fink, Bernhard and Grammer, Karl},
  journal={Activitas Nervosa Superior},
  volume={49},
  number={3/4},
  pages={123},
  year={2007},
  publisher={Springer Nature BV}
}

@article{little2008symmetry,
  title={Symmetry and sexual dimorphism in human faces: interrelated preferences suggest both signal quality},
  author={Little, Anthony C and Jones, Benedict C and DeBruine, Lisa M and Feinberg, David R},
  journal={Behavioral Ecology},
  volume={19},
  number={4},
  pages={902--908},
  year={2008},
  publisher={Oxford University Press}
}

@article{moller1997meta,
  title={A meta-analysis of the heritability of developmental stability},
  author={M{\o}ller, AP and Thornhill, R},
  journal={Journal of Evolutionary Biology},
  volume={10},
  number={1},
  pages={1--16},
  year={1997},
  publisher={Wiley Online Library}
}

@article{moller1998bilateral,
  title={Bilateral symmetry and sexual selection: a meta-analysis},
  author={M{\o}ller, Anders P and Thornhill, Randy},
  journal={The American Naturalist},
  volume={151},
  number={2},
  pages={174--192},
  year={1998},
  publisher={The University of Chicago Press}
}

@article{neave2003second,
  title={Second to fourth digit ratio, testosterone and perceived male dominance},
  author={Neave, Nick and Laing, Sarah and Fink, Bernhard and Manning, John T},
  journal={Proceedings of the Royal Society of London. Series B: Biological Sciences},
  volume={270},
  number={1529},
  pages={2167--2172},
  year={2003},
  publisher={The Royal Society}
}

@article{pause1996olfactory,
  title={Olfactory information processing during the course of the menstrual cycle},
  author={Pause, Bettina M and Sojka, Bernfried and Krauel, Kerstin and Fehm-Wolfsdorf, Gabriele and Ferstl, Roman},
  journal={Biological psychology},
  volume={44},
  number={1},
  pages={31--54},
  year={1996},
  publisher={Elsevier}
}

@article{santos2005new,
  title={New evidence that the MHC influences odor perception in humans: a study with 58 Southern Brazilian students},
  author={Santos, Pablo Sandro Carvalho and Schinemann, Juliano Augusto and Gabardo, Juarez and da Gra{\c{c}}a Bicalho, Maria},
  journal={Hormones and behavior},
  volume={47},
  number={4},
  pages={384--388},
  year={2005},
  publisher={Elsevier}
}

@article{thornhill1993human,
  title={Human facial beauty},
  author={Thornhill, Randy and Gangestad, Steven W},
  journal={Human nature},
  volume={4},
  number={3},
  pages={237--269},
  year={1993},
  publisher={Springer}
}

@article{thornhill1999facial,
  title={Facial attractiveness},
  author={Thornhill, Randy and Gangestad, Steven W},
  journal={Trends in cognitive sciences},
  volume={3},
  number={12},
  pages={452--460},
  year={1999},
  publisher={Elsevier}
}

@article{wedekind1995mhc,
  title={MHC-dependent mate preferences in humans},
  author={Wedekind, Claus and Seebeck, Thomas and Bettens, Florence and Paepke, Alexander J},
  journal={Proceedings of the Royal Society of London. Series B: Biological Sciences},
  volume={260},
  number={1359},
  pages={245--249},
  year={1995},
  publisher={The Royal Society London}
}

@article{ziegler2000polymorphisms,
  title={Polymorphisms in olfactory receptor genes: a cautionary note},
  author={Ziegler, Andreas and Ehlers, Anke and Forbes, Simon and Trowsdale, John and Volz, Armin and Younger, Ruth and Beck, Stephan},
  journal={Human immunology},
  volume={61},
  number={12},
  pages={1281--1284},
  year={2000},
  publisher={Elsevier}
}